@book{book:IntroductionEA,
	title =     {Introduction to evolutionary algorithms},
	author =    {Xinjie Yu, Mitsuo Gen (auth.)},
	publisher = {Springer-Verlag London},
	isbn =      {184996128X,9781849961288,9781849961295,1849961298},
	year =      {2010},
	series =    {Decision Engineering 0},
	edition =   {1},
	volume =    {}
}
@article{NEAT,
	doi	= {10.1162/106365602320169811},
	title	= {Evolving Neural Networks through Augmenting Topologies},
	author	= {Stanley, Kenneth O.; Miikkulainen, Risto},
	publisher	= {MIT Press},
	journal	= {Evolutionary Computation},
	issnp	= {1063-6560},
	issne	= {1530-9304},
	year	= {2002},
	month	= {06},
	volume	= {10},
	issue	= {2},
	page	= {99--127},
}
